@article{Paterson2001,
address = {New York, New York, USA},
annote = {описание arrow notation для стрелок в хачкиле},
author = {Paterson, Ross},
doi = {10.1145/507663.507664},
file = {:Users/aztek/Downloads/notation.pdf:pdf},
isbn = {1581134150},
journal = {ACM SIGPLAN Notices},
pages = {229},
publisher = {ACM Press},
title = {{A New Notation for Arrows}},
url = {http://portal.acm.org/citation.cfm?doid=507635.507664 http://dl.acm.org/citation.cfm?id=507664},
year = {2001}
}
@article{Jones1993a,
author = {Jones, Mark},
file = {:Users/aztek/Downloads/fpca93.pdf:pdf},
journal = {Proceedings of the conference on Functional programming languages and computer architecture},
pages = {52--61},
title = {{A system of constructor classes: overloading and implicit higher-order polymorphism}},
year = {1993}
}
@article{Jouvelot1991,
annote = {одна из первых статей про эффекты},
author = {Jouvelot, Pierre and Gifford, David},
file = {:Users/aztek/Downloads/algebraic\_reconstruction\_of\_types\_and\_effects.pdf:pdf},
journal = {Proceedings of the 18th ACM SIGPLAN-SIGACT symposium on Principles of Programming Languages},
number = {1},
pages = {303--310},
title = {{Algebraic reconstruction of types and effects}},
url = {http://dl.acm.org/citation.cfm?id=99623},
year = {1991}
}
@article{Odersky2004,
annote = {текникал репорт по скале},
author = {Odersky, Martin and Altherr, Philippe and Cremet, Vincent and Emir, Burak},
file = {:Users/aztek/Downloads/10.1.1.127.184.pdf:pdf},
number = {Section 5},
title = {{An overview of the Scala programming language}},
url = {http://citeseerx.ist.psu.edu/viewdoc/download?doi=10.1.1.127.184\&rep=rep1\&type=pdf},
year = {2004}
}
@book{jacobson2012basic,
author = {Jacobson, Nathan},
publisher = {Courier Dover Publications},
title = {{Basic algebra I}},
year = {2012}
}
@book{pierce1991basic,
author = {Pierce, Benjamin C.},
isbn = {9780262660716},
publisher = {University Press Group Limited},
series = {Foundations of Computing Series},
title = {{Basic category theory for computer scientists}},
url = {http://books.google.ru/books?id=ezdeaHfpYPwC},
year = {1991}
}
@article{Giorgidze2011,
address = {New York, New York, USA},
annote = {точно, в хачкиле же ещё есть расширение для monad comprehension, вот статья про них},
author = {Giorgidze, George and Grust, Torsten and Schweinsberg, Nils and Weijers, Jeroen},
doi = {10.1145/2034675.2034678},
file = {:Users/aztek/Downloads/haskell2011.pdf:pdf},
isbn = {9781450308601},
journal = {Proceedings of the 4th ACM symposium on Haskell - Haskell '11},
keywords = {comprehension,haskell,monad},
pages = {13},
publisher = {ACM Press},
title = {{Bringing back monad comprehensions}},
url = {http://dl.acm.org/citation.cfm?doid=2034675.2034678},
year = {2011}
}
@book{lane1998categories,
annote = {стоит почитать, и, вероятно, поссылаться, говоря о теоркате},
author = {McLane, Saunders},
isbn = {9780387984032},
publisher = {Springer},
series = {Categories for the Working Mathematician},
title = {{Categories for the Working Mathematician}},
url = {http://books.google.ru/books?id=MXboNPdTv7QC},
year = {1998}
}
@book{barr1995category,
address = {New York},
author = {Barr, Michael and Wells, Charles},
isbn = {9780133238099},
publisher = {Prentice Hall},
series = {Prentice-Hall International Series in Computer Science},
title = {{Category Theory for Computing Science}},
url = {http://books.google.ru/books?id=3-BQAAAAMAAJ},
year = {1995}
}
@inproceedings{Brus1987,
author = {Brus, T.H. and van Eekelen, Marko C.J.D. and van Leer, M.O. and Plasmeijer, M.J.},
booktitle = {Functional Programming Languages and Computer Architecture},
file = {:Users/aztek/Downloads/Ch6.Clean.ps:ps},
pages = {364--384},
title = {{Clean — a language for functional graph rewriting}},
url = {http://link.springer.com/chapter/10.1007/3-540-18317-5\_20},
year = {1987}
}
@book{curry1972combinatory,
author = {Curry, Haskell Brooks and Feys, Robert and Craig, William and Hindley, J. Roger and Seldin, Jonathan P.},
publisher = {North-Holland Amsterdam},
title = {{Combinatory logic}},
volume = {2},
year = {1972}
}
@article{King1993,
author = {King, David and Wadler, Phillip},
file = {:Users/aztek/Downloads/monadscomb.ps:ps},
journal = {Functional Programming, Glasgow 1992},
pages = {134--143},
title = {{Combining monads}},
url = {http://link.springer.com/chapter/10.1007/978-1-4471-3215-8\_12},
year = {1993}
}
@article{Uustalu2008,
annote = {Комонадки это такие полумоноидальные структуры, это очень ок в плане отказа от point  и вообще исследований в полугруппоидах},
author = {Uustalu, Tarmo and Vene, Varmo},
doi = {10.1016/j.entcs.2008.05.029},
file = {:Users/aztek/Downloads/cmcs08.pdf:pdf},
issn = {15710661},
journal = {Electronic Notes in Theoretical Computer Science},
keywords = {cokleisli semantics,context-dependent computation,dataflow computation,monoidal comonads,symmetric,tree transformations},
pages = {263--284},
title = {{Comonadic notions of computation}},
url = {http://linkinghub.elsevier.com/retrieve/pii/S1571066108003435 http://www.sciencedirect.com/science/article/pii/S1571066108003435},
volume = {203},
year = {2008}
}
@inproceedings{Wadler1994,
author = {Wadler, Philip},
booktitle = {Proceedings of the 1990 ACM conference on LISP and functional programming},
doi = {10.1017/CBO9780511525865.006},
file = {:Users/aztek/Downloads/monads.ps:ps},
isbn = {9780511525865},
pages = {61--78},
title = {{Comprehending monads}},
year = {1990}
}
@article{ComputationExpressions,
author = {Microsoft, MSDN},
journal = {http://msdn.microsoft.com/en-us/library/dd233182.aspx},
title = {{Computation Expressions (F\#)}},
url = {http://msdn.microsoft.com/en-us/library/dd233182.aspx}
}
@article{Jim2002,
annote = {какой-то язычок, клон C с безопасным управлением памяти на основе region calculus (?), в этой статье обзор, что-то конкретное можно тут поискать: http://cyclone.thelanguage.org/wiki/Papers/},
author = {Jim, Trevor and Morrisett, Greg and Grossman, Dan},
file = {:Users/aztek/Downloads/cyclone-safety.pdf:pdf},
journal = {USENIX Annual Technical Conference},
title = {{Cyclone: A safe dialect of C}},
url = {http://db2.usenix.org/publications/library/proceedings/usenix02/full\_papers/jim/jim\_html/},
volume = {90},
year = {2002}
}
@book{stoy1977denotational,
author = {Stoy, Joseph E.},
publisher = {MIT press},
title = {{Denotational semantics: the Scott-Strachey approach to programming language theory}},
year = {1977}
}
@incollection{norell2009dependently,
author = {Norell, Ulf},
booktitle = {Advanced Functional Programming},
pages = {230--266},
publisher = {Springer},
title = {{Dependently typed programming in Agda}},
year = {2009}
}
@article{Maier2010,
annote = {Basically, FRP in Scala},
author = {Maier, Ingo and Rompf, Tiark and Odersky, Martin},
file = {:Users/aztek/Downloads/DeprecatingObserversTR2010.pdf:pdf},
journal = {\'{E}cole Polytechnique F\'{e}d\'{e}rale de Lausanne, Lausanne, Switzerland, Technical Report},
keywords = {data-flow language,interface programming,reactive programming,scala,user},
title = {{Deprecating the observer pattern}},
url = {http://infoscience.epfl.ch/record/148043},
year = {2010}
}
@article{Petricek2012,
author = {Petricek, Tomas},
doi = {10.4204/EPTCS.76.7},
file = {:Users/aztek/Downloads/1202.2921v1.pdf:pdf},
issn = {2075-2180},
journal = {Electronic Proceedings in Theoretical Computer Science},
month = feb,
number = {Section 2},
pages = {68--89},
title = {{Evaluation strategies for monadic computations}},
url = {http://arxiv.org/abs/1202.2921v1},
volume = {76},
year = {2012}
}
@article{Danielsson2006,
address = {New York, New York, USA},
annote = {Обоснование того, что таки можно использовать теорию категорий для описания хаскеля, хоть там и ленивость, бесконечные структуры данных и боттомы},
author = {Danielsson, Nils Anders and Hughes, John and Jansson, Patrik and Gibbons, Jeremy},
doi = {10.1145/1111037.1111056},
file = {:Users/aztek/Downloads/10.1.1.59.8232.pdf:pdf},
isbn = {1595930272},
journal = {Conference record of the 33rd ACM SIGPLAN-SIGACT symposium on Principles of programming languages - POPL'06},
keywords = {and,equational reasoning,fst x,guages,inductive and coinductive types,lifted types,non-strict and strict languages,partial and infinite,partial and total lan-,snd x,values,x},
pages = {206--217},
publisher = {ACM Press},
title = {{Fast and loose reasoning is morally correct}},
url = {http://portal.acm.org/citation.cfm?doid=1111037.1111056},
year = {2006}
}
@book{mitchell1996foundations,
annote = {Можно заюзать в контексте применения теорката к CS и PL },
author = {Mitchell, John C.},
publisher = {MIT press Cambridge},
title = {{Foundations for Programming Languages}},
volume = {1},
year = {1996}
}
@article{McBride2008,
annote = {Idiom = applicative
Idiom brackets},
author = {McBride, Conor and Paterson, Ross},
file = {:Users/aztek/Downloads/IdiomLite.pdf:pdf},
journal = {Journal of Functional Programming},
title = {{Functional Pearl: Applicative programming with effects}},
url = {http://journals.cambridge.org/production/action/cjoGetFulltext?fulltextid=1457860},
year = {2008}
}
@article{Hughes2000,
author = {Hughes, John},
file = {:Users/aztek/Downloads/GeneralisingMonadsToArrows(1).pdf:pdf},
journal = {Science of computer programming},
title = {{Generalising Monads to Arrows}},
url = {http://www.sciencedirect.com/science/article/pii/S0167642399000234},
year = {2000}
}
@article{piponi2009haskell,
author = {Piponi, Dan},
journal = {http://blog.sigfpe.com/2009/01/haskell-monoids-and-their-uses.html},
title = {{Haskell monoids and their uses}},
url = {http://blog.sigfpe.com/2009/01/haskell-monoids-and-their-uses.html},
year = {2009}
}
@article{Wadler1989,
annote = {про классы типов в хачкиле},
author = {Wadler, Philip and Blott, Stephen},
file = {:Users/aztek/Downloads/ad-hoc-polymorphism.pdf:pdf},
journal = {Proceedings of the 16th ACM SIGPLAN-SIGACT symposium on Principles of Programming Languages},
number = {October},
pages = {60--76},
title = {{How to make ad-hoc polymorphism less ad hoc}},
url = {http://dl.acm.org/citation.cfm?id=75283},
year = {1989}
}
@article{Lindley2011,
author = {Lindley, Sam and Wadler, Philip and Yallop, Jeremy},
file = {:Users/aztek/Downloads/arrows-and-idioms.pdf:pdf},
journal = {Electronic Notes in Theoretical Computer Science},
keywords = {applicative functors,arrows,idioms,monads},
number = {5},
pages = {97--117},
title = {{Idioms are oblivious, arrows are meticulous, monads are promiscuous}},
url = {http://www.sciencedirect.com/science/article/pii/S1571066111000557},
volume = {229},
year = {2011}
}
@article{Brady2008,
author = {Brady, Edwin C.},
file = {:Users/aztek/Downloads/ifl08.pdf:pdf},
journal = {IFL 2008},
title = {{Idris, a language with dependent types}},
url = {http://citeseerx.ist.psu.edu/viewdoc/download?doi=10.1.1.150.9442\&rep=rep1\&type=pdf},
year = {2008}
}
@article{Jones1993,
annote = {про монадку IO и для чего там вообще нужны монады в хаскелле},
author = {{Peyton Jones}, Simon and Wadler, Phillip},
file = {:Users/aztek/Downloads/imperative.pdf:pdf},
journal = {Proceedings of the 20th ACM SIGPLAN-SIGACT symposium on Principles of Programming Languages},
pages = {71--84},
title = {{Imperative functional programming}},
url = {http://dl.acm.org/citation.cfm?id=158524},
year = {1993}
}
@article{Tofte1994,
address = {New York, New York, USA},
annote = {продолжение type and effect discilpline в разрезе region calculus},
author = {Tofte, Mads and Talpin, Jean-Pierre},
doi = {10.1145/174675.177855},
file = {:Users/aztek/Downloads/popl94.pdf:pdf},
isbn = {0897916360},
journal = {Proceedings of the 21st ACM SIGPLAN-SIGACT symposium on Principles of programming languages - POPL '94},
pages = {188--201},
publisher = {ACM Press},
title = {{Implementation of the typed call-by-value $\lambda$-calculus using a stack of regions}},
url = {http://portal.acm.org/citation.cfm?doid=174675.177855},
year = {1994}
}
@inproceedings{Staton2013,
author = {Staton, Sam},
booktitle = {Twenty-Eighth Annual ACM/IEEE Symposium on Logic in Computer Science},
file = {:Users/aztek/Downloads/lics2013.pdf:pdf},
title = {{Instances of computational effects: an algebraic perspective}},
url = {http://www.cl.cam.ac.uk/~ss368/lics2013.pdf},
year = {2013}
}
@article{Petricek2011,
annote = {статья патришека про джойнады},
author = {Petricek, Tomas and Syme, Don},
file = {:Users/aztek/Downloads/joinads(1).pdf:pdf},
journal = {Practical Aspects of Declarative Languages},
pages = {1--15},
title = {{Joinads: a retargetable control-flow construct for reactive, parallel and concurrent programming}},
url = {http://link.springer.com/chapter/10.1007/978-3-642-18378-2\_17},
year = {2011}
}
@inproceedings{von2001joy,
author = {{Von Thun}, Manfred and Others},
booktitle = {Proceedings from the 17th EuroForth Conference},
title = {{Joy: Forth’s functional cousin}},
year = {2001}
}
@article{Hinze,
annote = {ну про лифтинг чето. надо почитать
        
алсо, там вроде есть какие-то инсайты на тему того, что инстанс идиомы для функции это пара из S и K комбинаторов},
author = {Hinze, Ralf},
file = {:Users/aztek/Downloads/Lifting.pdf:pdf},
keywords = {1,2,4,applicative,applicative functor,combinators,correctness proofs,cr subject classification d,d,environment,environment model,formal methods,functional,generalised algebraic datatypes,idiom,idiom homomorphism,lifting,monad,program verification,programming,programming techniques,software},
title = {{Lifting Operators and Laws}},
year = {2010}
}
@article{Rytz2012,
annote = {весьма забавно, чуваки из EFPL пилят систему эффектов для Скалы},
author = {Rytz, Lukas and Odersky, Martin and Haller, Philipp},
file = {:Users/aztek/Downloads/ecoop\_1.pdf:pdf},
journal = {ECOOP 2012–Object-Oriented Programming},
title = {{Lightweight polymorphic effects}},
url = {http://link.springer.com/chapter/10.1007/978-3-642-31057-7\_13},
year = {2012}
}
@article{Liang1995,
author = {Liang, Sheng and Hudak, Paul and Jones, Mark},
file = {:Users/aztek/Downloads/10.1.1.17.268.pdf:pdf},
journal = {Proceedings of the 22nd ACM SIGPLAN-SIGACT Symposium on Principles of Programming Languages},
pages = {1--11},
title = {{Monad transformers and modular interpreters}},
url = {http://dl.acm.org/citation.cfm?id=199528},
year = {1995}
}
@article{auclair2008monadplus,
annote = {ну типа описание MonadPlus},
author = {Auclair, Douglas M.},
journal = {The Monad. Reader Issue 11},
pages = {39},
title = {{MonadPlus: What a Super Monad!}},
year = {2008}
}
@article{wadler1993monads,
author = {Wadler, Philip},
journal = {Advanced Functional Programming},
pages = {24--52},
publisher = {Springer-Verlag},
title = {{Monads for functional programming}},
year = {1993}
}
@incollection{Altenkirch2010a,
annote = {Че-то под названием relative monads, типа обобщение монадок для функторов между разными категориями},
author = {Altenkirch, Thorsten and Chapman, James and Uustalu, Tarmo},
booktitle = {Foundations of Software Science and Computational Structures},
doi = {10.2168/LMCS-},
file = {:Users/aztek/Downloads/jrelmon.pdf:pdf},
keywords = {1,6,adjunctions,altenkirch was supported by,and phrases,chapman and t,ep,epsrc,excellence,g034109,grant,hughes,j,monads,monoids,no,of the conference paper,revised and expanded version,s arrows,sciences research council,t,the engineering and physical,the estonian centre of,this paper is a,uustalu were supported by},
number = {6940},
pages = {297--311},
title = {{Monads need not be endofunctors}},
url = {http://link.springer.com/chapter/10.1007/978-3-642-12032-9\_21},
year = {2010}
}
@article{Moggi1991,
annote = {Оригинальная статья про монады?},
author = {Moggi, Eugenio},
doi = {10.1016/0890-5401(91)90052-4},
file = {:Users/aztek/Downloads/10.1.1.158.5275.pdf:pdf},
issn = {08905401},
journal = {Information and Computation},
month = jul,
number = {1},
pages = {55--92},
title = {{Notions of computation and monads}},
url = {http://linkinghub.elsevier.com/retrieve/pii/0890540191900524},
volume = {93},
year = {1991}
}
@article{Brady2013,
annote = {Монады не композируются. Мотивационный пример - абстрактный интерпретатор алгебраических выражений, тип которого сильно усложняется монадками каждый раз, когда добавляется новый эффект, доступный интерпретатору. Решение — handlers of algebraic effects (см. Programming with Algebraic Effects and Handlers).},
author = {Brady, Edwin C.},
file = {:Users/aztek/Downloads/effects.pdf:pdf},
pages = {1--12},
title = {{Programming and Reasoning with Algebraic Effects and Dependent Types}},
year = {2013}
}
@article{Brady2013a,
author = {Brady, Edwin},
file = {:Users/aztek/Downloads/idris-tutorial-1.pdf:pdf},
journal = {http://www.cs.st-andrews.ac.uk/\~{}eb/writings/idris-tutorial.pdf},
title = {{Programming in Idris: a tutorial}},
year = {2013}
}
@article{Bauer2012,
archivePrefix = {arXiv},
arxivId = {arXiv:1203.1539v1},
author = {Bauer, Andrej and Pretnar, Matija},
eprint = {arXiv:1203.1539v1},
file = {:Users/aztek/Downloads/1203.1539.pdf:pdf},
journal = {arXiv preprint arXiv:1203.1539},
keywords = {()},
pages = {1--25},
title = {{Programming with Algebraic Effects and Handlers}},
url = {http://arxiv.org/abs/1203.1539},
year = {2012}
}
@article{Elliott2009,
address = {New York, New York, USA},
annote = {FRP in Haskell (and in general)},
author = {Elliott, Conal M.},
doi = {10.1145/1596638.1596643},
file = {:Users/aztek/Downloads/push-pull-frp.pdf:pdf},
isbn = {9781605585086},
journal = {Proceedings of the 2nd ACM SIGPLAN symposium on Haskell},
keywords = {a finite,because they can be,before being clipped to,concur-,data-driven,demand-driven,finite counterparts,functional reactive programming,more composable than their,or space,rency,scaled arbitrarily in time,semantics},
publisher = {ACM Press},
title = {{Push-pull functional reactive programming}},
url = {http://portal.acm.org/citation.cfm?doid=1596638.1596643},
year = {2009}
}
@article{sondergaard1990referential,
author = {S\o ndergaard, Harald and Sestoft, Peter},
journal = {Acta Informatica},
number = {6},
pages = {505--517},
publisher = {Springer},
title = {{Referential transparency, definiteness and unfoldability}},
volume = {27},
year = {1990}
}
@article{tofte1997region,
author = {Tofte, Mads and Talpin, Jean-Pierre},
journal = {Information and Computation},
number = {2},
pages = {109--176},
publisher = {Elsevier},
title = {{Region-based memory management}},
volume = {132},
year = {1997}
}
@article{Altenkirch2010,
annote = {Чуть более формально про relative monads},
author = {Altenkirch, Thorsten and Chapman, James and Uustalu, Tarmo},
file = {:Users/aztek/Downloads/AssistedMonads2.pdf:pdf},
journal = {Journal of Formalized Reasoning},
number = {6940},
title = {{Relative monads formalised}},
url = {http://www.cs.ioc.ee/~james/papers/AssistedMonads2.pdf},
year = {2010}
}
@article{hudak1992report,
annote = {ну типа референс по хачкилю},
author = {Hudak, Paul and {Peyton Jones}, Simon and Wadler, Philip and Boutel, Brian and Fairbairn, Jon and Fasel, Joseph and Guzm\'{a}n, Mar\'{\i}a M and Hammond, Kevin and Hughes, John and Johnsson, Thomas and Others},
journal = {ACM SIGPLAN Notices},
number = {5},
pages = {1--164},
publisher = {ACM},
title = {{Report on the programming language Haskell: a non-strict, purely functional language version 1.2}},
volume = {27},
year = {1992}
}
@article{Burmako2012,
annote = {первый репорт про скаламакросы?},
author = {Burmako, Eugene and Odersky, Martin},
file = {:Users/aztek/Downloads/2012-07-09-MetaPaper.pdf:pdf},
journal = {Third International Valentin Turchin Workshop on Metacomputation},
keywords = {compile-time metaprogramming,gramming,language virtualization,macros,multi-stage pro-},
title = {{Scala Macros, a Technical Report}},
url = {http://infoscience.epfl.ch/record/183862/files/2012-07-09-MetaPaper.pdf},
year = {2012}
}
@article{Burmako2013,
author = {Burmako, Eugene},
file = {:Users/aztek/Downloads/2013-04-22-LetOurPowersCombine.pdf:pdf},
isbn = {9781450320641},
journal = {Scala Days},
title = {{Scala Macros: Let Our Powers Combine!}},
url = {http://infoscience.epfl.ch/record/186844/files/2013-04-22-LetOurPowersCombine.pdf},
year = {2013}
}
@article{carettesyntax,
annote = {perform-нотация для монадок в окамле},
author = {Carette, Jacques and van Dijk, Lydia E. and Kiselyov, Oleg},
journal = {Software package available at http://www.cas.mcmaster.ca/\~{}carette/pa\_monad},
title = {{Syntax extension for monads in OCaml}},
year = {2008}
}
@article{Lindley2010,
author = {Lindley, Sam and Wadler, Philip and Yallop, Jeremy},
file = {:Users/aztek/Downloads/arrows-jfp.pdf:pdf},
journal = {Journal of Functional Programming},
number = {October},
title = {{The arrow calculus}},
url = {http://journals.cambridge.org/production/action/cjoGetFulltext?fulltextid=7118824},
year = {2010}
}
@article{Wadler1992,
author = {Wadler, Phillip},
file = {:Users/aztek/Downloads/essence.ps:ps},
journal = {Proceedings of the 19th ACM SIGPLAN-SIGACT symposium on Principles of Programming Languages},
title = {{The essence of functional programming}},
url = {http://dl.acm.org/citation.cfm?id=143169},
year = {1992}
}
@inproceedings{jones1993glasgow,
author = {Jones, Simon Peyton Peyton and Hall, Cordy and Hammond, Kevin and Partain, Will and Wadler, Philip},
booktitle = {Proc. UK Joint Framework for Information Technology (JFIT) Technical Conference},
organization = {Citeseer},
title = {{The Glasgow Haskell Compiler: a technical overview}},
volume = {93},
year = {1993}
}
@book{gosling2000java,
annote = {спека джавы (можно упомянуть в контексте что вот есть checked exception)},
author = {Gosling, James},
publisher = {Addison-Wesley Professional},
title = {{The Java Language Specification}},
year = {2000}
}
@article{Wadler2003,
author = {Wadler, Philip and Thiemann, Peter},
doi = {10.1145/601775.601776},
file = {:Users/aztek/Downloads/effectstocl(1).pdf:pdf},
issn = {15293785},
journal = {ACM Transactions on Computational Logic},
month = jan,
number = {1},
pages = {1--32},
title = {{The marriage of effects and monads}},
url = {http://portal.acm.org/citation.cfm?doid=601775.601776},
volume = {4},
year = {2003}
}
@article{leroy2010objective,
author = {Leroy, Xavier and Doligez, Damien and Frisch, Alain and Garrigue, Jacques and R\'{e}my, Didier and Vouillon, J\'{e}r\^{o}me},
journal = {INRIA},
title = {{The Objective Caml system release 3.12}},
year = {2010}
}
@article{mcbride2009strathclyde,
annote = {макбрайдовский SHE},
author = {McBride, Conor},
journal = {http://personal.cis.strath.ac.uk/\~{}conor/pub/she},
title = {{The Strathclyde Haskell Enhancement}},
url = {http://personal.cis.strath.ac.uk/~conor/pub/she},
year = {2009}
}
@inproceedings{Talpin1992,
annote = {ну тоже одна из первых абот про типы и эффекты},
author = {and Talpin, Jean-Pierre and Jouvelot, Pierre},
booktitle = {Logic in Computer Science, 1992. LICS'92., Proceedings of the Seventh Annual IEEE Symposium on},
file = {:Users/aztek/Downloads/10.1.1.54.5309.pdf:pdf},
number = {section 3},
pages = {162--173},
title = {{The Type and Effect Discipline}},
url = {http://ieeexplore.ieee.org/xpls/abs\_all.jsp?arnumber=185530},
year = {1992}
}
@article{yorgey2009typeclassopedia,
author = {Yorgey, Brent},
journal = {The Monad Reader},
number = {13},
pages = {17},
title = {{The Typeclassopedia}},
year = {2009}
}
@inproceedings{Wadler1989a,
author = {Wadler, Philip},
booktitle = {Proceedings of the fourth international conference on Functional programming languages and computer architecture},
file = {:Users/aztek/Downloads/free.pdf:pdf},
number = {June},
pages = {347--359},
title = {{Theorems for free!}},
url = {http://dl.acm.org/citation.cfm?id=99404},
year = {1989}
}
@book{brodie2004thinking,
author = {Brodie, Leo},
isbn = {0-9764587-0-5},
publisher = {Punchy Pub},
title = {{Thinking Forth}},
year = {2004}
}
@article{Turner2004,
annote = {ну так-то отсюда только цитата про ФП нужна},
author = {Turner, David A.},
file = {:Users/aztek/Downloads/total\_functional\_programming.pdf:pdf},
journal = {Journal of Universal Computer Science},
keywords = {functional programming},
number = {7},
pages = {751--768},
title = {{Total functional programming}},
url = {http://www.jucs.org/jucs\_10\_7/total\_functional\_programming/jucs\_10\_07\_0751\_0768\_turner.pdf?q=total},
volume = {10},
year = {2004}
}
@article{Barendsen1996,
author = {Barendsen, Eric and Smetsers, Sjaak},
file = {:Users/aztek/Downloads/bare96-uniclosed.pdf:pdf},
journal = {Mathematical Structures in Computer Science},
pages = {1--36},
title = {{Uniqueness typing for functional languages with graph rewriting semantics}},
url = {ftp://ftp.theochem.kun.nl/pub/CSI/SoftwEng.FunctLang/papers/1996/bare96-uniclosed.pdf},
volume = {00},
year = {1996}
}
@article{Sabry1998,
annote = {про чисто-функциональные ЯП},
author = {Sabry, Amr},
file = {:Users/aztek/Downloads/10.1.1.27.7800.pdf:pdf},
journal = {Journal of Functional Programming},
number = {January},
title = {{What is a Purely Functional Language?}},
url = {http://journals.cambridge.org/production/action/cjoGetFulltext?fulltextid=44144},
volume = {1},
year = {1998}
}
@article{Orchard2012,
author = {Orchard, Dominic and Mycroft, Alan},
file = {:Users/aztek/Downloads/codo-notation-orchard12.pdf:pdf},
journal = {24th Symposium on Implementation and Application of Functional Languages},
title = {{A Notation for Comonads}},
url = {http://www.cl.cam.ac.uk/~dao29/drafts/codo-notation-orchard12.pdf},
year = {2012}
}
@article{Petricek2013,
author = {Petricek, Tomas and Orchard, Dominic and Mycroft, Alan},
file = {:Users/aztek/Downloads/coeffects-icalp13.pdf:pdf},
journal = {Proceedings of ICALP},
title = {{Coeffects: Unified static analysis of context-dependence}},
url = {http://www.cl.cam.ac.uk/~dao29/publ/coeffects-icalp13.pdf},
year = {2013}
}
@article{uustalu2007comonadic,
author = {Uustalu, Tarmo and Vene, Varmo},
journal = {Trends in Functional Programming},
pages = {145--162},
publisher = {Intellect Books},
title = {{Comonadic functional attribute evaluation}},
volume = {6},
year = {2007}
}
@incollection{uustalu2006essence,
author = {Uustalu, Tarmo and Vene, Varmo},
booktitle = {Central European Functional Programming School},
pages = {135--167},
publisher = {Springer},
title = {{The essence of dataflow programming}},
year = {2006}
}
